<?xml version="1.0" encoding="UTF-8"?><collection xmlns="http://www.loc.gov/MARC21/slim"><record><leader>00458nam--2200145-i-4500</leader><controlfield tag="001">000037855</controlfield><controlfield tag="002">20161230</controlfield><controlfield tag="005">20161230201041</controlfield><controlfield tag="008">060222s1000------------r-----000-0-eng-d</controlfield><datafield ind1=" " ind2=" " tag="080"><subfield code="a">539.14</subfield></datafield><datafield ind1=" " ind2=" " tag="100"><subfield code="a">Radojevic,Vojislav, Sobiczewski,Adam I Szymanski,Zdzislaw</subfield></datafield><datafield ind1=" " ind2=" " tag="245"><subfield code="a">Calculation of the rotation gamma vibration interaction in the rare-earth nuclei</subfield></datafield><datafield ind1=" " ind2=" " tag="260"><subfield code="a">Warsaw, Inst.Lf Nuclear Research, 1962. 12 P. + 2 Fig</subfield></datafield><datafield ind1=" " ind2=" " tag="490"><subfield code="a">Report</subfield></datafield><datafield ind1=" " ind2=" " tag="852"><subfield code="a">13780</subfield></datafield></record></collection>